@article{blei:lda,
	author = {Blei, David M. and Ng, Andrew Y. and Jordan, Michael I.},
	title = {Latent Dirichlet Allocation},
	journal = {J. Mach. Learn. Res.},
	issue_date = {3/1/2003},
	volume = {3},
	month = mar,
	year = {2003},
	issn = {1532-4435},
	pages = {993--1022},
	numpages = {30},
	url = {http://dl.acm.org/citation.cfm?id=944919.944937},
	acmid = {944937},
	publisher = {JMLR.org},
}
@TECHREPORT{heinrich:pefta,
	author = {Gregor Heinrich},
	title = {Parameter estimation for text analysis},
	institution = {},
	year = {2004}
}
@misc{url:sew,
	title = {{Simple English Wikipedia}},
	howpublished = "\url{https://simple.wikipedia.org/wiki/Main_Page}",
}
@misc{url:sew-dump,
	title = {{Simple English Wikipedia - Archive}},
	howpublished = "\url{https://dumps.wikimedia.org/simplewiki/20181120/}",
}
@misc{url:wiki-ns,
	title = {{Wikipedia - Namespace}},
	howpublished = "\url{https://en.wikipedia.org/wiki/Wikipedia:Namespace}",
}
@misc{url:python-xml,
	title = {{Python XML module}},
	howpublished = "\url{https://docs.python.org/3.7/library/xml.etree.elementtree.html}",
}
@misc{url:python-gensim,
	title = {{Python gensim module}},
	howpublished = "\url{https://radimrehurek.com/gensim/parsing/preprocessing.html}",
}
@misc{url:python-pyldavisl,
	title = {{Python pyLDAvis module}},
	howpublished = "\url{https://github.com/bmabey/pyLDAvisl}",
}